@article{exampleArticle,
  title  = {An Example Article},
  author = {John Doe},
  year={2021}
}