@book{
Shoham_Leyton-Brown_2008,
place={Cambridge}, 
title={Multiagent Systems: Algorithmic, Game-Theoretic, and Logical Foundations},
publisher={Cambridge University Press}, 
author={Shoham, Yoav and Leyton-Brown, Kevin}, 
year={2008}
}

@article{
doi:10.1073/pnas.36.1.48,
author = {John F. Nash },
title = {Equilibrium points in <i>n</i>-person games},
journal = {Proceedings of the National Academy of Sciences},
volume = {36},
number = {1},
pages = {48-49},
year = {1950},
doi = {10.1073/pnas.36.1.48},
URL = {https://www.pnas.org/doi/abs/10.1073/pnas.36.1.48},
eprint = {https://www.pnas.org/doi/pdf/10.1073/pnas.36.1.48}
}

@misc{
omidshafiei2019alpharank,
title={$\alpha$-Rank: Multi-Agent Evaluation by Evolution}, 
author={Shayegan Omidshafiei and Christos Papadimitriou and Georgios Piliouras and Karl Tuyls and Mark Rowland and Jean-Baptiste Lespiau and Wojciech M. Czarnecki and Marc Lanctot and Julien Perolat and Remi Munos},
year={2019},
eprint={1903.01373},
archivePrefix={arXiv},
primaryClass={cs.MA}
}

@article{
dynamicgames/krawczyk-jacek,
author = {Krawczyk, Jacek},
year = {1998},
month = {01},
pages = {},
title = {An Introduction to Dynamic Games}
}

@article{
Shapley1953StochasticG,
title={Stochastic Games*},
author={Lloyd S. Shapley},
journal={Proceedings of the National Academy of Sciences},
year={1953},
volume={39},
pages={1095 - 1100},
url={https://api.semanticscholar.org/CorpusID:263414073}
}

@inproceedings{
Levet2016GameT,
title={Game Theory : Normal Form Games},
author={Michael Levet},
year={2016},
url={https://api.semanticscholar.org/CorpusID:131771375}
}

@misc{
wellman2024empiricalgametheoreticanalysissurvey,
title={Empirical Game-Theoretic Analysis: A Survey}, 
author={Michael P. Wellman and Karl Tuyls and Amy Greenwald},
year={2024},
eprint={2403.04018},
archivePrefix={arXiv},
primaryClass={cs.GT},
url={https://arxiv.org/abs/2403.04018}, 
}

@misc{
paul2022multiagentpathfinding,
title={Multi Agent Path Finding using Evolutionary Game Theory}, 
author={Sheryl Paul and Jyotirmoy V. Deshmukh},
year={2022},
eprint={2212.02010},
archivePrefix={arXiv},
primaryClass={cs.MA},
url={https://arxiv.org/abs/2212.02010},
}

@article{
David_2014,
title={Genetic Algorithms for Evolving Computer Chess Programs},
volume={18},
ISSN={1941-0026},
url={http://dx.doi.org/10.1109/TEVC.2013.2285111},
DOI={10.1109/tevc.2013.2285111},
number={5},
journal={IEEE Transactions on Evolutionary Computation},
publisher={Institute of Electrical and Electronics Engineers (IEEE)},
author={David, Omid E. and van den Herik, H. Jaap and Koppel, Moshe and Netanyahu, Nathan S.},
year={2014},
month=oct, pages={779â€“789}
}

@misc{
watkins2023generating,
title={Generating a Graph Colouring Heuristic with Deep Q-Learning and Graph Neural Networks}, 
author={George Watkins and Giovanni Montana and Juergen Branke},
year={2023},
eprint={2304.04051},
archivePrefix={arXiv},
primaryClass={cs.LG}
}